<record><leader>00000cas a22000007a 4500</leader><controlfield tag="001">23201035</controlfield><controlfield tag="008">910307d1899192unhuwr ne      0    0eng d</controlfield><datafield ind1=" " ind2=" " tag="010"><subfield code="a">sn 91063841 </subfield></datafield><datafield ind1=" " ind2=" " tag="040"><subfield code="a">NVH</subfield><subfield code="b">eng</subfield><subfield code="c">NVH</subfield><subfield code="d">OCLCQ</subfield></datafield><datafield ind1="0" ind2=" " tag="130"><subfield code="a">Warren news (Warren, N.H. : 1899)</subfield></datafield><datafield ind1="1" ind2="4" tag="245"><subfield code="a">The Warren news.</subfield></datafield><datafield ind1=" " ind2=" " tag="260"><subfield code="a">Warren Summit [Warren], N.H. :</subfield><subfield code="b">Warren News Office</subfield></datafield><datafield ind1=" " ind2=" " tag="300"><subfield code="a">v.</subfield></datafield><datafield ind1=" " ind2=" " tag="310"><subfield code="a">Weekly</subfield></datafield><datafield ind1="0" ind2=" " tag="362"><subfield code="a">Vol. 8, no. 2 (Apr. 7, 1899)-</subfield></datafield><datafield ind1=" " ind2=" " tag="752"><subfield code="a">United States</subfield><subfield code="b">New Hampshire</subfield><subfield code="c">Grafton</subfield><subfield code="d">Warren.</subfield></datafield><datafield ind1=" " ind2=" " tag="752"><subfield code="a">United States</subfield><subfield code="b">New Hampshire</subfield><subfield code="c">Grafton</subfield><subfield code="d">Warren Summit.</subfield></datafield><datafield ind1="0" ind2="0" tag="780"><subfield code="t">Warren weekly news</subfield><subfield code="w">(DLC)sn 91063836</subfield></datafield></record>